<record><leader>00000cas a2200000 a 4500</leader><controlfield tag="001">11460156</controlfield><controlfield tag="008">841206d18711uuuiluwr ne      0   a0ger c</controlfield><datafield ind1=" " ind2=" " tag="010"><subfield code="a">sn 84038711 </subfield></datafield><datafield ind1=" " ind2=" " tag="040"><subfield code="a">NPX</subfield><subfield code="b">eng</subfield><subfield code="c">NPX</subfield><subfield code="d">NPT</subfield><subfield code="d">NVF</subfield><subfield code="d">YOX</subfield><subfield code="d">NVF</subfield><subfield code="d">CVF</subfield><subfield code="d">KRTAS</subfield><subfield code="d">OCLCQ</subfield><subfield code="d">NVF</subfield><subfield code="d">OCLCF</subfield><subfield code="d">OCL</subfield><subfield code="d">OCLCO</subfield></datafield><datafield ind1=" " ind2=" " tag="042"><subfield code="a">pcc</subfield></datafield><datafield ind1=" " ind2=" " tag="043"><subfield code="a">n-us-il</subfield></datafield><datafield ind1="0" ind2=" " tag="130"><subfield code="a">Chicagoer freie presse (Chicago, Ill. : Weekly)</subfield></datafield><datafield ind1="1" ind2="0" tag="245"><subfield code="a">Chicagoer freie presse.</subfield></datafield><datafield ind1="1" ind2="3" tag="246"><subfield code="a">Chicagoer neue freie presse</subfield></datafield><datafield ind1="1" ind2="3" tag="246"><subfield code="a">Neue freie presse</subfield></datafield><datafield ind1=" " ind2=" " tag="260"><subfield code="a">Chicago, Ill. :</subfield><subfield code="b">Richard Michallis</subfield></datafield><datafield ind1=" " ind2=" " tag="300"><subfield code="a">v.</subfield></datafield><datafield ind1=" " ind2=" " tag="310"><subfield code="a">Weekly</subfield></datafield><datafield ind1="1" ind2=" " tag="362"><subfield code="a">Began in 1871?</subfield></datafield><datafield ind1=" " ind2=" " tag="500"><subfield code="a">"Chicagoer" appears in small type above the title ornament.</subfield></datafield><datafield ind1=" " ind2=" " tag="500"><subfield code="a">"Neue" appears in very small type above the title ornament.</subfield></datafield><datafield ind1=" " ind2=" " tag="546"><subfield code="a">In German.</subfield></datafield><datafield ind1=" " ind2=" " tag="580"><subfield code="a">Sunday editions: Daheim (Chicago, Ill. : 1871), &lt;1874&gt;-1882; Chicagoer daheim, 1882-1889; Daheim (Chicago, Ill. : 1889), 1889-1898.</subfield></datafield><datafield ind1=" " ind2=" " tag="588"><subfield code="a">Description based on: 4. Jahrg., Nr. 216 (12. Sept. 1874).</subfield></datafield><datafield ind1=" " ind2=" " tag="588"><subfield code="a">Latest issue consulted: Dec. 22, 1898.</subfield></datafield><datafield ind1=" " ind2="0" tag="650"><subfield code="a">Germans</subfield><subfield code="z">Illinois</subfield><subfield code="z">Chicago</subfield><subfield code="v">Newspapers.</subfield></datafield><datafield ind1=" " ind2="0" tag="650"><subfield code="a">German Americans</subfield><subfield code="z">Illinois</subfield><subfield code="z">Chicago</subfield><subfield code="v">Newspapers.</subfield></datafield><datafield ind1=" " ind2="0" tag="651"><subfield code="a">Chicago (Ill.)</subfield><subfield code="v">Newspapers.</subfield></datafield><datafield ind1=" " ind2="7" tag="650"><subfield code="a">German Americans</subfield><subfield code="2">fast</subfield><subfield code="0">(OCoLC)fst00941308</subfield></datafield><datafield ind1=" " ind2="7" tag="650"><subfield code="a">Germans.</subfield><subfield code="2">fast</subfield><subfield code="0">(OCoLC)fst00942100</subfield></datafield><datafield ind1=" " ind2="7" tag="651"><subfield code="a">Illinois</subfield><subfield code="z">Chicago.</subfield><subfield code="2">fast</subfield><subfield code="0">(OCoLC)fst01204048</subfield></datafield><datafield ind1=" " ind2="7" tag="655"><subfield code="a">Newspapers.</subfield><subfield code="2">fast</subfield><subfield code="0">(OCoLC)fst01423814</subfield></datafield><datafield ind1=" " ind2=" " tag="752"><subfield code="a">United States</subfield><subfield code="b">Illinois</subfield><subfield code="c">Cook</subfield><subfield code="d">Chicago.</subfield></datafield><datafield ind1="1" ind2=" " tag="775"><subfield code="t">Daheim (Chicago, Ill. : 1871)</subfield><subfield code="w">(DLC)sn 92055101</subfield><subfield code="w">(OCoLC)25398802</subfield></datafield><datafield ind1="1" ind2=" " tag="775"><subfield code="t">Chicagoer daheim</subfield><subfield code="w">(DLC)sn 86063844</subfield><subfield code="w">(OCoLC)13519441</subfield></datafield><datafield ind1="1" ind2=" " tag="775"><subfield code="t">Daheim (Chicago, Ill. : 1889)</subfield><subfield code="w">(DLC)sn 86063888</subfield><subfield code="w">(OCoLC)13519511</subfield></datafield><datafield ind1="0" ind2=" " tag="775"><subfield code="t">Chicagoer freie presse (Chicago, Ill. : Daily)</subfield><subfield code="w">(DLC)sn 83045119</subfield><subfield code="w">(OCoLC)9335264</subfield></datafield><datafield ind1="0" ind2="0" tag="780"><subfield code="t">Freie presse (Chicago, Ill. : Weekly)</subfield><subfield code="w">(DLC)sn 85033496</subfield><subfield code="w">(OCoLC)12005270</subfield></datafield><datafield ind1=" " ind2=" " tag="938"><subfield code="a">Kirtas Technologies, Inc.</subfield><subfield code="b">KRTS</subfield><subfield code="n">738920</subfield></datafield></record>